@inproceedings{agrawal2013thompson,
  title={Thompson sampling for contextual bandits with linear payoffs},
  author={Agrawal, Shipra and Goyal, Navin},
  booktitle={International Conference on Machine Learning},
  pages={127--135},
  year={2013},
  organization={PMLR}
}

@inproceedings{simchilevi2023adaptive,
  title={Multi-armed Bandit Experimental Design: Online Decision-making and Adaptive Inference},
  author={Simchi-Levi, David and Wang, Chonghuan},
  booktitle={International Conference on Artificial Intelligence and Statistics},
  year={2023},
  organization={SAIS}
}

@book{lattimore2020bandit,
  title={Bandit algorithms},
  author={Lattimore, Tor and Szepesv{\'a}ri, Csaba},
  year={2020},
  publisher={Cambridge University Press}
}

@article{kazerouni2021best,
  author    = {Abbas Kazerouni and Lawrence M. Wein},
  title     = {Best Arm Identification in Generalized Linear Bandits},
  journal   = {Operations Research},
  year      = {2021},
  volume    = {69},
  number    = {6},
  pages     = {1813--1830},
  publisher = {INFORMS},
}

@article{auer2002exp3,
  author    = {Peter Auer and Nicol√≤ Cesa-Bianchi and Paul Fischer},
  title     = {Finite-time Analysis of the Multiarmed Bandit Problem*},
  journal   = {Machine Learning},
  year      = {2002},
  volume    = {47},
  pages     = {235--256},
  publisher = {Kluwer Academic Publishers},
}

@inproceedings{neu2020linear,
  author    = {Gergely Neu and Julia Olkhovskaya},
  title     = {Efficient and robust algorithms for adversarial linear contextual bandits},
  booktitle = {33rd Annual Conference on Learning Theory},
  volume    = {125},
  pages={1-20},
  year={2020},
  organization={PMLR}
}

@article{blum2007external,
  author    = {Avrim Blum and Yishay Mansour},
  title     = {From External to Internal Regret},
  journal   = {Journal of Machine Learning Research},
  year      = {2007},
  volume    = {8},
  pages     = {1307--1324},
  publisher = {JMLR},
}

@inproceedings{carranza2023ipw,
  author    = {Aldo Gael Carranza and Sanath Kumar Krishnamurthy and Susan Athey},
  title     = {Flexible and Efficient Contextual Bandits with Heterogeneous Treatment Effect Oracles},
  journal   = {International Conference on Artificial Intelligence and Statistics,},
  year      = {2023},
  volume    = {206},
  pages     = {7190-7212},
  publisher = {PMLR},
}